gen@leslie.cs.brown.edu.7788:1365782024